

@InProceedings{Baumann2009:Multikernel,
  author =       {Andrew Baumann and Paul Barhamy and Pierre-Evariste Dagandz and Tim Harrisy and Rebecca Isaacsy and Simon Peter and Timothy Roscoe and Adrian Schupbach and Akhilesh Singhania},
  title =        {{The multikernel: a new OS architecture for scalable multicore systems}},
  OPTcrossref =  {},
  OPTkey =       {},
  booktitle =    {Proceedings of the ACM SIGOPS 22nd Symposium on Operating Systems Principles},
  year =         {2009},
  OPTeditor =    {},
  OPTvolume =    {},
  OPTnumber =    {},
  OPTseries =    {},
  pages =        {29--44},
  month =        oct,
  OPTaddress =   {},
  OPTorganization = {},
  OPTpublisher = {},
  OPTnote =      {},
  OPTannote =    {}
}

@Misc{Linux,
  OPTkey =       {},
  author =       {{The Linux Foundation}},
  title =        {{The Linux Kernel Archives}},
  howpublished = {\url{https://www.kernel.org/}},
  OPTmonth =     {},
  OPTyear =      {},
  OPTnote =      {},
  OPTannote =    {}
}


@Article{Black1992:Microkernel,
  author =       {David Black and David B. Golub and Daniel P. Julin and Richard F. Rashid and Richard P. Draves and Randall W. Dean and Alessandro Forin and Joseph Barrera and Hideyuki Tokuda and Gerald R. Malan and David Bohman},
  title =        {{Microkernel Operating System Architecture and Mach}},
  journal =      {Journal of Information Processing},
  year =         {1992},
  OPTkey =       {},
  OPTvolume =    {},
  OPTnumber =    {},
  pages =        {442--453},
  month =        mar,
  OPTnote =      {},
  OPTannote =    {}
}

